@book{fukushima1981experimental,
  title={Experimental pulse NMR: A Nuts and Bolts approach},
  author={Fukushima, E. and Roeder, S.B.W.},
  lccn={81007901},
  series={The Advanced Book Program},
  url={https://books.google.ca/books?id=gcEPAQAAMAAJ},
  year={1981},
  publisher={Addison-Wesley Pub. Co., Advanced Book Program}
}

@book{bakhmutov2015nmr,
  title={NMR Spectroscopy in Liquids and Solids},
  author={Bakhmutov, V.I.},
  isbn={9781482262728},
  lccn={2014043706},
  url={https://books.google.ca/books?id=pnZ3CAAAQBAJ},
  year={2015},
  publisher={CRC Press}
}


@article{le2000study,
  title={Study of the state of water and oil in frozen emulsions using time domain NMR},
  author={Le Botlan, D and Wennington, J and Cheftel, JC},
  journal={Journal of colloid and interface science},
  volume={226},
  number={1},
  pages={16--21},
  year={2000},
  publisher={Elsevier}
}

@article{hahn1950spin,
  title={Spin echoes},
  author={Hahn, Erwin L},
  journal={Physical review},
  volume={80},
  number={4},
  pages={580},
  year={1950},
  publisher={APS}
}

@article {NMRpoly,
author = {Bl¨︁umich, Bernhard and Blümler, Peter},
title = {NMR imaging of polymer materials},
journal = {Die Makromolekulare Chemie},
volume = {194},
number = {8},
publisher = {Hüthig & Wepf Verlag},
issn = {0025-116X},
url = {http://dx.doi.org/10.1002/macp.1993.021940801},
doi = {10.1002/macp.1993.021940801},
pages = {2133--2161},
year = {1993},
}

@article {polydict,
author = {Birley, A. W.},
title = {Polymer science dictionary},
journal = {Polymer International},
volume = {24},
number = {2},
publisher = {John Wiley & Sons, Ltd},
issn = {1097-0126},
url = {http://dx.doi.org/10.1002/pi.4990240216},
doi = {10.1002/pi.4990240216},
pages = {127--127},
year = {1991},
}

@article{polyT1,
  title={Dependence of order and dynamics in polymers and elastomers under deformation revealed by NMR techniques},
  author={Stapf, S and Kariyo, S}
}

@article{polyT,
  title={NMR imaging of elastomeric materials},
  author={Chang, C and Komoroski, RA},
  journal={Macromolecules},
  volume={22},
  number={2},
  pages={600--607},
  year={1989},
  publisher={ACS Publications}
}